<?xml version="1.0" encoding="UTF-8"?><record xmlns="http://www.loc.gov/MARC21/slim" xmlns:cinclude="http://apache.org/cocoon/include/1.0" xmlns:zs="http://www.loc.gov/zing/srw/">
  <leader>00649nz  a2200169n  4500</leader>
  <controlfield tag="001">no2009154372</controlfield>
  <controlfield tag="003">DLC</controlfield>
  <controlfield tag="005">20090930075534.0</controlfield>
  <controlfield tag="008">090928n| acannaabn          |a ana     c</controlfield>
  <datafield tag="010" ind1=" " ind2=" ">
    <subfield code="a">no2009154372</subfield>
  </datafield>
  <datafield tag="035" ind1=" " ind2=" ">
    <subfield code="a">(OCoLC)oca08254455</subfield>
  </datafield>
  <datafield tag="040" ind1=" " ind2=" ">
    <subfield code="a">IlMchBWI</subfield>
    <subfield code="b">eng</subfield>
    <subfield code="c">IlMchBWI</subfield>
  </datafield>
  <datafield tag="110" ind1="2" ind2=" ">
    <subfield code="a">Lyons Partnership</subfield>
  </datafield>
  <datafield tag="410" ind1="2" ind2=" ">
    <subfield code="a">Lyons Partnership (Firm)</subfield>
  </datafield>
  <datafield tag="410" ind1="2" ind2=" ">
    <subfield code="a">Lyons Partnership, L.P.</subfield>
  </datafield>
  <datafield tag="670" ind1=" " ind2=" ">
    <subfield code="a">Everyone is special [VR], c2005:</subfield>
    <subfield code="b">container (Lyons Partnership, L.P.)</subfield>
  </datafield>
  <datafield tag="670" ind1=" " ind2=" ">
    <subfield code="a">OCLC, Sept. 28, 2009</subfield>
    <subfield code="b">(hdgs.: Lyons Partnership ; Lyons Partnership, L.P. ; Lyons Partnership (Firm) ; L.P. Lyons Partnership; usage: Lyons Partnership ; Lyons Partnership, L.P.)</subfield>
  </datafield>
</record>